<?xml version="1.0" encoding="UTF-8"?><record xmlns="http://www.loc.gov/MARC21/slim" xmlns:cinclude="http://apache.org/cocoon/include/1.0" xmlns:zs="http://www.loc.gov/zing/srw/">
  <leader>00508nz  a2200145n  4500</leader>
  <controlfield tag="001">no2002023137</controlfield>
  <controlfield tag="003">DLC</controlfield>
  <controlfield tag="005">20020321052848.0</controlfield>
  <controlfield tag="008">020320n| acannaabn          |a aaa     c</controlfield>
  <datafield tag="010" ind1=" " ind2=" ">
    <subfield code="a">no2002023137</subfield>
  </datafield>
  <datafield tag="035" ind1=" " ind2=" ">
    <subfield code="a">(OCoLC)oca05716336</subfield>
  </datafield>
  <datafield tag="040" ind1=" " ind2=" ">
    <subfield code="a">HkUST</subfield>
    <subfield code="b">eng</subfield>
    <subfield code="c">HkUST</subfield>
  </datafield>
  <datafield tag="100" ind1="1" ind2=" ">
    <subfield code="a">Kocarev, L.</subfield>
    <subfield code="q">(Ljupco)</subfield>
  </datafield>
  <datafield tag="400" ind1="1" ind2=" ">
    <subfield code="a">Kocarev, Ljupco</subfield>
  </datafield>
  <datafield tag="670" ind1=" " ind2=" ">
    <subfield code="a">Special issue on applications of chaos in modern communication systems, c2001:</subfield>
    <subfield code="b">t.p. (L. Kocarev) p. 1386 (Ljupco Kocarev; B.S.E. in electrical engineering, Ph.D. in physics)</subfield>
  </datafield>
</record>